@misc{gplv3,
    author       = {Free Software Foundation},
    title        = {{GNU} {G}eneral {P}ublic {L}icense},
    version      = {3},
	howpublished = {\url{http://www.gnu.org/licenses/gpl.html}},
    shorthand    = {GPL},
}

@misc{web-server-usage,
	author       = {w3tech},
	title        = {Usage of web servers for websites},
	howpublished = {\url{https://w3techs.com/technologies/overview/web_server/all}}
}

@misc{apache,
	author       = {Apache Software Foundation},
	title        = {Apache Software Foundation},
	howpublished = {\url{http://www.apache.org/}}
}

@misc{nodejs-trend,
	author       = {w3tech}, 
	title        = {Usage statistics and market share of Node.js for websites},
	howpublished = {\url{https://w3techs.com/technologies/details/ws-nodejs/all/all}}
}

@misc{acid,
	author       = {Graham Chen}, 
	title        = {Distributed transaction processing standars and their applications},
	howpublished = {\url{https://pdfs.semanticscholar.org/cf9d/45b49b276615e6c5d94a8ffaf163933c49a6.pdf}}
}

@misc{cap,
	author       = {Eric Brewer}, 
	title        = {Brewer's CAP Theorem},
	howpublished = {\url{http://www.julianbrowne.com/article/brewers-cap-theorem}}
}

@misc{pug,
	author       = {Pug}, 
	title        = {Pug template engine},
	howpublished = {\url{https://github.com/pugjs/pug}}
}

@misc{jade,
	author       = {Jade}, 
	title        = {Jade Lang},
	howpublished = {\url{jade-lang.com}}
}

@misc{bootstrap,
	author       = {Bootstrap}, 
	title        = {Bootstrap},
	howpublished = {\url{https://getbootstrap.com/}}
}

@misc{hack-week,
	author       = {Twitter}, 
	title        = {Hack Week},
	howpublished = {\url{https://blog.twitter.com/engineering/en_us/a/2010/hack-week.html}}
}

@misc{json,
	author       = {w3schools}, 
	title        = {JavaScript Object Notation},
	howpublished = {\url{https://www.w3schools.com/js/js_json_intro.asp}}
}

@misc{mongoose,
	author       = {Mongoose}, 
	title        = {Elegant mongodb object modeling for node.js},
	howpublished = {\url{http://mongoosejs.com/}}
}

@misc{agpl,
	author       = {Free Software Foundation}, 
	title        = {GNU Affero General Public License},
	howpublished = {\url{https://www.gnu.org/licenses/agpl-3.0.html}}
}

@misc{ansible,
	author       = {Ansible}, 
	title        = {Automation for everyone},
	howpublished = {\url{https://www.ansible.com/}}
}

@misc{passport,
	author       = {Passport.js}, 
	title        = {Simple, unobtrusive authentication for Node.js},
	howpublished = {\url{http://www.passportjs.org/}}
}

@misc{express,
	author       = {Express.js}, 
	title        = {Fast, unopinionated, minimalist web framework for Node.js},
	howpublished = {\url{http://expressjs.com/}}
}

@misc{blowfish,
	author       = {Bruce Schneier}, 
	title        = {Schneier on Security},
	howpublished = {\url{https://www.schneier.com/academic/blowfish/}}
}

@misc{rainbow,
	author       = {Philippe Oechslin}, 
	title        = {Making a Faster Cryptanalytical Time-Memory Trade-Off},
	howpublished = {\url{https://lasec.epfl.ch/~oechslin/publications/crypto03.pdf}}
}

@misc{gdpr,
	author       = {European Union}, 
	title        = {General Data Protection Regulation},
	howpublished = {\url{https://eur-lex.europa.eu/legal-content/EN/TXT/HTML/?uri=OJ:L:2016:119:FULL&from=EN}}
}

@inbook{software-engineering,
	author = {Ian Sommervile},
	title = {Software Engineering},
	bookTitle = {Software Engineering},
	year = 2016,
	publisher = {Springer International Publishing},
	isbn = {0-321-31379-8},
}

@misc{nodejs,
	author       = {Node.js Foundation}, 
	title        = {Node.js},
	howpublished = {\url{https://nodejs.org/es/}}
}

@misc{npm,
	author       = {npm, Inc.}, 
	title        = {Build amazing things},
	howpublished = {\url{https://www.npmjs.com/}}
}

@misc{carbone,
	author       = {Carbone}, 
	title        = {Carbone},
	howpublished = {\url{https://carbone.io/designer-documentation.html}}
}

@misc{canvas,
	author       = {w3schools}, 
	title        = {HTML5 Canvas},
	howpublished = {\url{https://www.w3schools.com/html/html5_canvas.asp}}
}

@misc{supertest,
	author       = {visionmedia}, 
	title        = {Super-agent driven library for testing node.js HTTP servers using a fluent API},
	howpublished = {\url{https://github.com/visionmedia/supertest}}
}

@misc{travis-ci,
	author       = {Travis CI}, 
	title        = {Test and Deploy with Confidence},
	howpublished = {\url{https://travis-ci.org/}}
}

@misc{ubuntu-usage,
	author       = {w3techs}, 
	title        = {Usage statistics and market share of Linux for websites},
	howpublished = {\url{https://w3techs.com/technologies/details/os-linux/all/all}}
}

@misc{gespol,
	author       = {GESPOL}, 
	title        = {GESPOL Security and Safety Systems},
	howpublished = {\url{http://bilbo2.servebbs.net:9980/gespolweb/index.php/}}
}

@misc{appolo,
	author       = {almerimatik}, 
	title        = {Appolo, aplicación integral para Cuerpos de Policía Local},
	howpublished = {\url{http://www2.almerimatik.es/appolo/}}
}

@misc{scrum,
	author       = {Scrum Manager}, 
	title        = {Troncal I. Scrum Master},
	howpublished = {\url{http://scrummanager.net/files/scrum_manager.pdf}}
}

@misc{vagrant,
	author       = {HashiCorp}, 
	title        = {Development Environments Made Easy},
	howpublished = {\url{https://www.vagrantup.com/}}
}

@misc{passport-func,
	author       = {centuryLink}, 
	title        = {Authentication with passport.js},
	howpublished = {\url{https://www.ctl.io/developers/blog/post/build-user-authentication-with-node-js-express-passport-and-mongodb}}
}

@misc{image-unit-test,
	author       = {Martin Fowler}, 
	title        = {Unit test},
	howpublished = {\url{https://martinfowler.com/bliki/UnitTest.html}}
}

@misc{image-ci,
	author       = {FileCatalyst}, 
	title        = {Continuous integration diagram},
	howpublished = {\url{http://filecatalyst.com/wp-content/uploads/2014/12/Continuous-Integration-Diagram.png}}
}

@misc{image-node,
	author       = {Belisoft}, 
	title        = {PHP vs Nodejs},
	howpublished = {\url{https://belitsoft.com/php-development-services/php7-vs-nodejs}}
}

@misc{image-node-arch,
	author       = {Codeburst}, 
	title        = {All about Node.js},
	howpublished = {\url{https://codeburst.io/all-about-node-js-you-wanted-to-know-25f3374e0be7}}
}

@misc{image-mongoose,
	author       = {Medium}, 
	title        = {Introduction to Mongoose},
	howpublished = {\url{https://medium.freecodecamp.org/introduction-to-mongoose-for-mongodb-d2a7aa593c57}}
}

@misc{image-vagrant,
	author       = {Czerasz}, 
	title        = {Vagrant workflow},
	howpublished = {\url{http://czerasz.com/2015/01/06/vagrant-workflows/}}
}

@misc{image-ansible,
	author       = {RoyalCyber}, 
	title        = {Automation with Ansible},
	howpublished = {\url{http://blog.royalcyber.com/devops/new-level-of-automation-with-ansible/}}
}

@misc{tvtropes,
	author       = {TvTropes}, 
	title        = {TvTropes},
	howpublished = {\url{https://tvtropes.org/}}
}

@misc{tfgantoniogamiz,
	author = {Antonio Gámiz Delgado},
	title = {Any2Vec},
	howpublished = {\url{https://github.com/antoniogamiz/tfg}}
}

@misc{tropedefinition,
	author = {Merriam Webster Dictionary},
	title = {Definition of trope},
	howpublished = {\url{https://www.merriam-webster.com/dictionary/trope}},
}

@misc{imdb,
	author = {IMDB},
	title = {Internet Movie Database},
	howpublished = {\url{https://www.imdb.com/}},
}

@article{garcia2020tropes,
  title={Tropes in films: an initial analysis},
  author={Garc{\'\i}a-Ortega, Rub{\'e}n H{\'e}ctor and S{\'a}nchez, Pablo Garc{\'\i}a and Merelo-Guerv{\'o}s, Juan J},
  year={2020}
}

@misc{agilemanifesto,
  author = {Beck, Kent and Beedle, Mike and van Bennekum, Arie and Cockburn, Alistair and Cunningham, Ward and Fowler, Martin and Grenning, James and Highsmith, Jim and Hunt, Andrew and Jeffries, Ron and Kern, Jon and Marick, Brian and Martin, Robert C. and Mellor, Steve and Schwaber, Ken and Sutherland, Jeff and Thomas, Dave},
  booktitle = {Manifesto for Agile Software Development},
  description = {Manifesto for Agile Software Development},
  title = {Manifesto for Agile Software Development},
  howpublished = {\url{http://www.agilemanifesto.org/}},
  year = 2001
}

@book{beck2002driven,
  author = {Beck, Kent},
  description = {Test Driven Development. By Example Addison-Wesley Signature: Amazon.de: Kent Beck: Englische Bücher},
  isbn = {0321146530},
  publisher = {Addison-Wesley Longman, Amsterdam},
  title = {Test Driven Development. By Example (Addison-Wesley Signature)},
  year = 2002
}


@misc{tesisruben,
year = {2022},
url = {http://hdl.handle.net/10481/75420},
abstract = {El propósito de esta tesis es desarrollar metodologías que faciliten el diseño
de historias vitales masivas, originales, interesantes y coherentes entre
sí, de personajes no jugadores en videojuegos de mundo abierto. Para lograrlo
se han definido, desarrollado y evaluado dos metodologías (ascendente y
descendente) basadas en técnicas bio-inspiradas, que usen elementos a dos
niveles: eventos o acciones de los personajes a bajo nivel y recursos reiterativos
a mayor nivel (tales como arquetipos, estructuras de guión o recursos
narrativos).
La metodología ascendente está basada en un enfoque híbrido computación
evolutiva / modelo basado en agentes, para la generación de eventos
masivos de bajo nivel en mundos virtuales donde emergen, de forma autoorganizada,
recursos reiterativos de interés potencial para las historias. Los
resultados obtenidos tras su evaluación indican que esta permite la aparición
de los recursos reiterativos objetivo, dándole relevancia a la coherencia
espacio-temporal de los eventos. Sin embargo, dicha metodología presenta retos
como la dificultad de diseño de los agentes, eventos y recursos candidatos,
o de que dichos recursos emerjan en mayor o menor cantidad en el mundo
virtual, afectando negativamente al interés potencial. Para solventar este
problema, se plantea la metodología descendente, basada en algoritmos evolutivos
que seleccionan combinaciones de recursos reiterativos interesantes,
usando una red neuronal para predecir su calidad potencial. Los resultados
obtenidos tras su evaluación indican que esta permite optimizar combinaciones
de recursos reiterativos con coherencia contextual, creatividad y un alto
grado de interés potencial. Este enfoque implica un mayor esfuerzo para el
autor/guionista a la hora de interpretar dichos recursos como hechos narrables
y aportar su coherencia espacio-temporal a nivel de estados del mundo
y de los personajes.
Ambos enfoques, ascendente y descendente, abordan el problema de generación
de historias de un modo complementario, siendo buenas herramientas
candidatas para la asistencia al autor/guionista del mundo virtual, que tendrá,
en última instancia, la responsabilidad de su uso y adaptación a los
personajes no jugadores y su narración o forma final.},
abstract = {The purpose of this thesis is to develop methodologies that support the
design of massive, original, interesting and coherent life stories of non-player
characters in open-world video games. To achieve this, two methodologies
(bottom-up and top-down) based on bio-inspired techniques have been defined,
developed and evaluated, using elements at two levels: low-level character
events or actions and higher-level reiterative resources (such as archetypes,
script structures or narrative resources).
The bottom-up methodology is based on a hybrid evolutionary computation
/ agent-based model approach for the generation of massive low-level
events in virtual worlds where reiterative resources of potential interest for
stories emerge in a self-organized way. The results obtained after its evaluation
indicate that it allows the emergence of the target reiterative resources,
giving relevance to the spatio-temporal coherence of the events. However,
this methodology presents challenges such as the difficulty of designing candidate
agents, events and resources, or that these resources emerge in greater
or lesser quantity in the virtual world, negatively affecting the potential interest.
To solve this problem, the top-down methodology is proposed, based
on evolutionary algorithms that select combinations of interesting reiterative
resources, using a neural network to predict their potential quality. The
results obtained after its evaluation indicate that it allows optimizing combinations
of reiterative resources with contextual coherence, creativity and
a high degree of potential interest. This approach implies a greater effort
for the author/scriptwriter when interpreting these resources as narratable
facts and providing their spatio-temporal coherence at the level of world and
character states.
Both bottom-up and top-down approaches address the problem of story
generation in a complementary way, being good candidate tools for assisting
the author/scriptwriter of the virtual world, who will ultimately be responsible
for their use and adaptation to the non-player characters and their final
narrative or form.},
organization = {Tesis Univ. Granada.},
publisher = {Universidad de Granada},
keywords = {Videojuegos},
keywords = {Algoritmos evolutivos},
keywords = {Mundo abierto},
keywords = {Técnicas bio-inspiradas},
title = {Técnicas bio-inspiradas para la generación procedimental de historias en literatura y videojuegos de mundo abierto},
author = {García Ortega, Rubén Hector},
}

@misc{nishalscraping,
	title={Lessons From a Massive(ly-Annoying) Scraping Project in Python},
	author={Nishal, Sachita},
	howpublished = {\url{https://nishalsach.github.io/posts/2019-09-16-lessons-from-a-massively-annoying-scraping-project-in-python/}},
}

@article{garcia2018overview,
  title={Overview of PicTropes, a film trope dataset},
  author={Garc{\'\i}a-Ortega, Rub{\'e}n H and Merelo-Guerv{\'o}s, Juan J and S{\'a}nchez, Pablo Garc{\'\i}a and Pitaru, Gad},
  journal={arXiv preprint arXiv:1809.10959},
  year={2018}
}

@article{garcia2021simpsons,
  title={The Simpsons did it: Exploring the film trope space and its large scale structure},
  author={Garc{\'\i}a-S{\'a}nchez, Pablo and Velez-Estevez, Antonio and Merelo, Juan Juli{\'a}n and Cobo, Manuel Jes{\'u}s},
  journal={Plos one},
  volume={16},
  number={3},
  pages={e0248881},
  year={2021},
  publisher={Public Library of Science}
}

@article{garcia2020startroper,
  title={StarTroper, a film trope rating optimizer using machine learning and evolutionary algorithms},
  author={Garc{\'\i}a-Ortega, Rub{\'e}n H{\'e}ctor and Garc{\'\i}a-S{\'a}nchez, Pablo and Merelo-Guerv{\'o}s, Juan Juli{\'a}n},
  journal={Expert Systems},
  volume={37},
  number={6},
  pages={e12525},
  year={2020},
  publisher={Wiley Online Library}
}

@misc{mellina2011trope,
  title={Trope propagation in the cultural space},
  author={Mellina, Clayton and Svetlichnaya, Stacey},
  year={2011},
  publisher={Citeseer}
}
